@misc{xaas,
	title = "IaaS, PaaS e SaaS, descubra agora tudo sobre os 3 modelos de Nuvem",
	month = "Setembro",
	year = "2014",
	url = "http://www.cloudmarket.com.br/blog/cloud-computing/iaas-paas-e-saas-descubra-agora-tudo-sobre-os-3-modelos-de-nuvem/",
	note = {\url{http://www.cloudmarket.com.br/blog/cloud-computing/iaas-paas-e-saas-descubra-agora-tudo-sobre-os-3-modelos-de-nuvem/}, acessado em Março de 2016}
}
	
@misc{awsedu,
	title = "Amazon Web Services Educate",
	year = "2016",
	url = "https://aws.amazon.com/pt/education/awseducate/",
	note = {\url{https://aws.amazon.com/pt/education/awseducate/}, acessado em Março de 2016}
}


@misc{awsec2,
	title = "Amazon Elastic Compute Cloud",
	year = "2016",
	url = "https://aws.amazon.com/pt/ec2/instance-types/",
	note = {\url{https://aws.amazon.com/pt/ec2/instance-types/}, acessado em Abril de 2016}
}

@misc{vpc,
	title = "Amazon Virtual Private Cloud",
	year = "2016",
	url = "https://aws.amazon.com/vpc/",
	note = {Disponível em: <\url{https://aws.amazon.com/vpc/}>, acessado em Abril de 2016}
}

@misc{ec2price,
	title = "EC2 Instance Pricing",
	year = "2016",
	url = "https://aws.amazon.com/pt/ec2/pricing/",
	note = {\url{https://aws.amazon.com/pt/ec2/pricing/}, acessado em Abril de 2016}
}

@misc{ami,
	title = "Amazon Machine Images",
	year = "2016",
	url = "http://docs.aws.amazon.com/AWSEC2/latest/UserGuide/AMIs.html",
	note = {\url{http://docs.aws.amazon.com/AWSEC2/latest/UserGuide/AMIs.html}, acessado em Abril de 2016}
}

@misc{puppetaws,
	title = "Amazon Web Services | Puppet Labs",
	year = "2016",
	url = "https://puppetlabs.com/solutions/aws",
	note = {\url{https://puppetlabs.com/solutions/aws}, acessado em Março de 2016}
}

@misc{awscf,
	title = "Amazon CloudFormation",
	year = "2016",
	url = "https://aws.amazon.com/pt/cloudformation/",
	note = {\url{https://aws.amazon.com/pt/cloudformation/}, acessado em Março de 2016}
}

@misc{ec2,
	title = "Servidor de Nuvem e Hospedagem do EC2 - AWS",
	year = "2016",
	url = "https://aws.amazon.com/pt/ec2/",
	note = {\url{https://aws.amazon.com/pt/ec2/}, acessado em Março de 2016}
}

@misc{stanford,
	author = "Elliott Slaughter",
	title = "CS-149 Setup",
	year = "2014",
	url = "https://bitbucket.org/elliottslaughter/cs149-setup",
	note = {\url{https://bitbucket.org/elliottslaughter/cs149-setup}, acessado em Março de 2016}
}



@article{friends,
	author = "Otavio M. Madalosso, Andrea Schwertner Charão",
	title = "Implementação do algoritmo Friends of Friends de complexidade n*logn(n) para classificação de objetos astronômicos",
	journal = "ERAD-RS XV",
	year = "2015",
	url = "http://www.lbd.dcc.ufmg.br/bdbcomp/servlet/Trabalho?id=22862"
}

@misc{nesi,
	title = "New Zealand eScience Infrastructure",
	month = "Novembro",
	year = "2015",
	url = "https://www.nesi.org.nz/",
	note = {\url{https://www.nesi.org.nz/}, acessado em Novembro de 2015},
}

@misc{hackerrank,
	title = "HackerRank",
	month = "Novembro",
	year = "2015",
	url = "https://www.hackerrank.com/",
	note = {\url{https://www.hackerrank.com/}, acessado em Novembro de 2015},
}

@misc{codeingame,
	title = "CodeinGame",
	month = "Novembro",
	year = "2015",
	url = "https://www.codingame.com/",
	note = {\url{https://www.codingame.com/}, acessado em Novembro de 2015},
}

@misc{codecademy,
	title = "Codecademy",
	month = "Novembro",
	year = "2015",
	url = "https://www.codecademy.com",
	note = {\url{https://www.codecademy.com}, acessado em Novembro de 2015},
}

@misc{algor,
	title = "Algorithmia",
	month = "Novembro",
	year = "2015",
	url = "https://algorithmia.com/",
	note = {\url{https://algorithmia.com/}, acessado em Novembro de 2015},
}

@misc{nesc,
	title = "National e-Science Centre",
	month = "Novembro",
	year = "2015",
	url = "http://www.nesc.ac.uk/",
	note = {\url{http://www.nesc.ac.uk/}, acessado em Novembro de 2015},
}

@misc{monash,
	title = "National e-Science Centre",
	month = "Novembro",
	year = "2015",
	url = "https://platforms.monash.edu/eresearch/",
	note = {\url{https://platforms.monash.edu/eresearch/}, acessado em Novembro de 2015},
}


@misc{Django,
	author = "Django",
	title = "Django Framework",
	month = "Outubro",
	year = "2015",
	url = "https://www.djangoproject.com/",
	note = {\url{https://www.djangoproject.com/}, acessado em Outubro de 2015}
}

@misc{redis,
	author = "Salvatore Sanfilippo",
	title = "Redis",
	month = "Novembro",
	year = "2015",
	url = "http://redis.io/",
	note = {\url{http://redis.io/}, acessado em Novembro de 2015},
}

@book{twoscoopes,
	author    = "Daniel Greenfeld and Audrey Roy",
	title     = "Two Scoops of Django: Best Practices for Django 1.8",
	year      = "2015",
}

@article{friendsalg,
	author = "Huchra, J. P. e Geller, M., J.",
	title ="Groups of Galaxies Nearby groups.",
	journal = "The astrophysical",
	year = "1982"
}

@misc{crispy,
	author = "Crispy Forms",
	title = "Django-crispy-forms",
	month = "Outubro",
	year = "2009",
	url = "http://django-crispy-forms.readthedocs.org/en/latest/",	
}


@misc{Celery,
	author = "Celery",
	title = "Celery: Distributed Task Queue",
	year = "2015",
	url = "http://celery.readthedocs.org/en/latest/",
	note = {\url{http://celery.readthedocs.org/en/latest/}, acessado em Outubro de 2015}
}


@misc{redux,
	author = "Redux",
	title = "Django Registration Redux",
	year = "2007",
	howpublished  = "http://django-registration-redux.readthedocs.org/"
}

@article{Efstathiou,
	author = {G. Efstathiou, M. Davis, S. D. M White, C. S Frenk},
	title = {Numerical techniques for large cosmological N-body simulations},
	journal = {Astrophysical Journal Supplement Series (ISSN 0067-0049), vol. 57},
	year = {1985}
}
@article{Bertschinger,
	author = {E. Bertschinger},
	title = {Simulations of structure formation in the universe},
	journal = {Annu. Rev. Astron. Astrophys 36},
	year = {1998}
}

@article{uchra,
	author = { Huchra J. P. , Geller M. J. },
	title = {Groups of galaxies. I - Nearby groups},
	journal = {Astrophysical Journal, Part 1, vol. 257, June 15, 1982, p. 423-437. Research supported by Cambridge University},
	year = {1982}
}
